@book{book:encyclopedia_of_ml,
	title =     {Encyclopedia of Machine Learning and Data Mining},
	author =    {Claude Sammut (Editor), Geoffrey I. Webb (Editor)},
	publisher = {Springer},
	isbn =      {148997685X, 978-1489976857},
	year =      {2017},
	series =    {},
	edition =   {2},
	volume =    {},
}
@book{book:mitchell1997machine,
	title={Machine Learning},
	author={Mitchell, T.M.},
	isbn={9780071154673},
	lccn={97007692},
	series={McGraw-Hill International Editions},
	url={https://books.google.it/books?id=EoYBngEACAAJ},
	year={1997},
	publisher={McGraw-Hill}
}
